@inproceedings{durr2018scheduling,
  title={Scheduling with explorable uncertainty},
  author={D{\"u}rr, Christoph and Erlebach, Thomas and Megow, Nicole and Mei{\ss}ner, Julie},
  booktitle={9th Innovations in Theoretical Computer Science Conference (ITCS 2018)},
  year={2018},
  organization={Schloss-Dagstuhl-Leibniz Zentrum f{\"u}r Informatik}
}

@article{durr2020adversarial,
  title={An adversarial model for scheduling with testing},
  author={D{\"u}rr, Christoph and Erlebach, Thomas and Megow, Nicole and Mei{\ss}ner, Julie},
  journal={Algorithmica},
  volume={82},
  number={12},
  pages={3630--3675},
  year={2020},
  publisher={Springer}
}

@inproceedings{albers2021scheduling,
  title={Scheduling with testing on multiple identical parallel machines},
  author={Albers, Susanne and Eckl, Alexander},
  booktitle={Algorithms and Data Structures: 17th International Symposium, WADS 2021, Virtual Event, August 9--11, 2021, Proceedings 17},
  pages={29--42},
  year={2021},
  organization={Springer}
}

@misc{gary1979computers,
  title={Computers and Intractability: A Guide to the Theory of NP-completeness},
  author={Gary, Michael R and Johnson, David S},
  year={1979},
  publisher={WH Freeman and Company, New York}
}

@inproceedings{albers2021scheduling,
  title={Scheduling with testing on multiple identical parallel machines},
  author={Albers, Susanne and Eckl, Alexander},
  booktitle={Algorithms and Data Structures: 17th International Symposium, WADS 2021, Virtual Event, August 9--11, 2021, Proceedings 17},
  pages={29--42},
  year={2021},
  organization={Springer}
}

@article{graham1966bounds,
  title={Bounds for certain multiprocessing anomalies},
  author={Graham, Ronald L},
  journal={Bell system technical journal},
  volume={45},
  number={9},
  pages={1563--1581},
  year={1966},
  publisher={Wiley Online Library}
}

@article{gong2023randomized,
  title={Randomized algorithms for fully online multiprocessor scheduling with testing},
  author={Gong, Mingyang and Chen, Zhi-Zhong and Lin, Guohui and Wang, Lusheng},
  journal={arXiv preprint arXiv:2305.01605},
  year={2023}
}

@inproceedings{gormley2000generating,
  title={Generating adversaries for request-answer games},
  author={Gormley, Todd and Reingold, Nicholas and Torng, Eric and Westbrook, Jeffery},
  booktitle={Proceedings of the eleventh annual ACM-SIAM symposium on Discrete algorithms},
  pages={564--565},
  year={2000}
}