% use `texdoc biblatex` to get help
@www{zjuthesisrules,
    title = {浙江大学本科生毕业论文（设计）编写规则},
    author = {浙江大学本科生院},
    year = {2018},
    url = {http://bksy.zju.edu.cn/attachments/2018-01/01-1517384518-1149149.pdf},
}
@www{tikz,
    title = {tikz宏包},
    author = {Till Tantau},
    year = {2018},
    url = {https://sourceforge.net/projects/pgf/},
}
@www{zjuthesis,
    title = {浙江大学毕业设计/论文模板},
    author = {王子轩},
    year = {2019},
    url = {https://github.com/TheNetAdmin/zjuthesis},
}
@www{zjugradthesisrules,
    title = {浙江大学研究生学位论文编写规则},
    author = {浙江大学研究生院},
    year = {2008},
    url = {http://grs.zju.edu.cn/redir.php?catalog_id=10038&object_id=12877},
}

@inproceedings{durr2018scheduling,
  title={Scheduling with explorable uncertainty},
  author={D{\"u}rr, Christoph and Erlebach, Thomas and Megow, Nicole and Mei{\ss}ner, Julie},
  booktitle={9th Innovations in Theoretical Computer Science Conference (ITCS 2018)},
  year={2018},
  organization={Schloss-Dagstuhl-Leibniz Zentrum f{\"u}r Informatik}
}

@article{durr2020adversarial,
  title={An adversarial model for scheduling with testing},
  author={D{\"u}rr, Christoph and Erlebach, Thomas and Megow, Nicole and Mei{\ss}ner, Julie},
  journal={Algorithmica},
  volume={82},
  number={12},
  pages={3630--3675},
  year={2020},
  publisher={Springer}
}

@inproceedings{albers2021scheduling,
  title={Scheduling with testing on multiple identical parallel machines},
  author={Albers, Susanne and Eckl, Alexander},
  booktitle={Algorithms and Data Structures: 17th International Symposium, WADS 2021, Virtual Event, August 9--11, 2021, Proceedings 17},
  pages={29--42},
  year={2021},
  organization={Springer}
}

@misc{gary1979computers,
  title={Computers and Intractability: A Guide to the Theory of NP-completeness},
  author={Gary, Michael R and Johnson, David S},
  year={1979},
  publisher={WH Freeman and Company, New York}
}

@inproceedings{albers2021explorable,
  title={Explorable uncertainty in scheduling with non-uniform testing times},
  author={Albers, Susanne and Eckl, Alexander},
  booktitle={Approximation and Online Algorithms: 18th International Workshop, WAOA 2020, Virtual Event, September 9--10, 2020, Revised Selected Papers 18},
  pages={127--142},
  year={2021},
  organization={Springer}
}

@article{graham1966bounds,
  title={Bounds for certain multiprocessing anomalies},
  author={Graham, Ronald L},
  journal={Bell system technical journal},
  volume={45},
  number={9},
  pages={1563--1581},
  year={1966},
  publisher={Wiley Online Library}
}

@article{gong2023randomized,
  title={Randomized algorithms for fully online multiprocessor scheduling with testing},
  author={Gong, Mingyang and Chen, Zhi-Zhong and Lin, Guohui and Wang, Lusheng},
  journal={arXiv preprint arXiv:2305.01605},
  year={2023}
}

@inproceedings{gormley2000generating,
  title={Generating adversaries for request-answer games},
  author={Gormley, Todd and Reingold, Nicholas and Torng, Eric and Westbrook, Jeffery},
  booktitle={Proceedings of the eleventh annual ACM-SIAM symposium on Discrete algorithms},
  pages={564--565},
  year={2000}
}

@misc{garey1979computers,
  title={Computers and Intractability: A guide to the theory of NP-completeness},
  author={Garey Michael, R and Johnson David, S},
  year={1979},
  publisher={WH Freeman Co., San Francisco, USA}
}

@inproceedings{yao1977probabilistic,
  title={Probabilistic computations: Toward a unified measure of complexity},
  author={Yao, Andrew Chi-Chin},
  booktitle={18th Annual Symposium on Foundations of Computer Science (sfcs 1977)},
  pages={222--227},
  year={1977},
  organization={IEEE Computer Society}
}

@article{graham1966bounds,
  title={Bounds for certain multiprocessing anomalies},
  author={Graham, Ronald L},
  journal={Bell system technical journal},
  volume={45},
  number={9},
  pages={1563--1581},
  year={1966},
  publisher={Wiley Online Library}
}

@inproceedings{bartal1992new,
  title={New algorithms for an ancient scheduling problem},
  author={Bartal, Yair and Fiat, Amos and Karloff, Howard and Vohra, Rakesh},
  booktitle={Proceedings of the twenty-fourth annual ACM symposium on Theory of computing},
  pages={51--58},
  year={1992}
}

@article{seiden2000online,
  title={Online randomized multiprocessor scheduling},
  author={Seiden, Steven S},
  journal={Algorithmica},
  volume={28},
  number={2},
  pages={173--216},
  year={2000},
  publisher={Springer}
}

@inproceedings{albers2002randomized,
  title={On randomized online scheduling},
  author={Albers, Susanne},
  booktitle={Proceedings of the thiry-fourth annual ACM symposium on Theory of computing},
  pages={134--143},
  year={2002}
}

@article{bartal2000randomized,
  title={A randomized algorithm for two servers on the line},
  author={Bartal, Yair and Chrobak, Marek and Larmore, Lawrence L},
  journal={Information and Computation},
  volume={158},
  number={1},
  pages={53--69},
  year={2000},
  publisher={Elsevier}
}

@article{fleischer2000line,
  title={On-line scheduling revisited},
  author={Fleischer, Rudolf and Wahl, Michaela},
  journal={Journal of Scheduling},
  volume={3},
  number={6},
  pages={343--353},
  year={2000},
  publisher={Wiley Online Library}
}

@article{fung2008online,
  title={Online interval scheduling: randomized and multiprocessor cases},
  author={Fung, Stanley PY and Poon, Chung Keung and Zheng, Feifeng},
  journal={Journal of Combinatorial Optimization},
  volume={16},
  number={3},
  pages={248--262},
  year={2008},
  publisher={Springer}
}

@misc{auletta2022impactsocialmediarecommendations,
      title={On the Impact of Social Media Recommendations on Opinion Consensus}, 
      author={Vincenzo Auletta and Antonio Coppola and Diodato Ferraioli},
      year={2022},
      eprint={2204.03299},
      archivePrefix={arXiv},
      primaryClass={cs.SI},
      url={https://arxiv.org/abs/2204.03299}, 
}

@inproceedings{gong2021improved,
  title={Improved approximation algorithms for multiprocessor scheduling with testing},
  author={Gong, Mingyang and Lin, Guohui},
  booktitle={International Workshop on Frontiers in Algorithmics},
  pages={65--77},
  year={2021},
  organization={Springer}
}

@article{reingold1994randomized,
  title={Randomized competitive algorithms for the list update problem},
  author={Reingold, Nick and Westbrook, Jeffery and Sleator, Daniel D},
  journal={Algorithmica},
  volume={11},
  number={1},
  pages={15--32},
  year={1994},
  publisher={Springer}
}

@article{seiden2003barely,
  title={Barely random algorithms for multiprocessor scheduling},
  author={Seiden, Steve},
  journal={Journal of Scheduling},
  volume={6},
  number={3},
  pages={309--334},
  year={2003},
  publisher={Springer}
}